@misc{finanzen.ch2017AxaGewinnen,
    title = {{Axa Winterthur will bis 2020 100'000 Kunden in der Zusatzversicherung gewinnen}},
    year = {2017},
    author = {{finanzen.ch}},
    url = {https://www.finanzen.ch/nachrichten/finanzplanung/axa-winterthur-will-bis-2020-100000-kunden-in-der-zusatzversicherung-gewinnen-1002138512}
}

@misc{EidgenossischesDepartementdesInnern2017FaktenblattVergutungssysteme,
    title = {{Faktenblatt Verg{\"{u}}tungssysteme}},
    year = {2017},
    author = {{Eidgen{\"{o}}ssisches Departement des Innern}},
    url = {https://www.priminfo.admin.ch/downloads/fragen-und-antworten/Fiche d informationtiers payant-tiers garant_DE_2018.pdf}
}

@misc{BundesamtfurStatistik2018Finanzierung,
    title = {{Finanzierung}},
    year = {2018},
    author = {{Bundesamt f{\"{u}}r Statistik}},
    url = {https://www.bfs.admin.ch/bfs/de/home/statistiken/gesundheit/kosten-finanzierung/finanzierung.html}
}

@misc{BundesamtfurStatistik2017KostenDaten,
    title = {{Kosten und Finanzierung des Gesundheitswesens 2015: Provisorische Daten}},
    year = {2017},
    author = {{Bundesamt f{\"{u}}r Statistik}},
    url = {https://www.bfs.admin.ch/bfs/de/home/statistiken/kataloge-datenbanken/medienmitteilungen.assetdetail.2360359.html}
}